
@article{sharpe,
	author={William F. Sharpe},
	title={Capital Assets Prices},
	journaltitle={The Journal of Finance},
	year = 1964,
	}
